@MISC{bib:seacomp-portfolio,
	author = "{SEACOMP s.r.o.}",
    title = {Portfolio}, 
    note = "[online; navštíveno 05.12.2019]",
    year = "2019",
    url = "https://seacomp.cz"
}

@MastersThesis{bib:tersl,
    AUTHOR = "Adam Teršl",
    TITLE = {Webový klient pro nemocniční systém},
    YEAR = "2019",
    TYPE = "Diplomová práce",
    SCHOOL = "Masarykova univerzita, Fakulta informatiky, Brno",
    SUPERVISOR = "Radek Ošlejšek",
    URL = "https://is.muni.cz/th/ggxzm/",
    note = "[online; navštíveno 05.12.2019]",
}
%todo sjednotit cit. a navštíveno

@MISC{bib:toyota-history,
	author = "{TOYOTA MOTOR CORPORATION}",
    title = {Item 4. Development and Deployment of the Toyota Production System}, 
    howpublished = "75 Years of TOYOTA",
    note = "[online; navštíveno 11.01.2020]",
    year = "2012",
    url = "https://www.toyota-global.com/company/history_of_toyota/75years/text/entering_the_automotive_business/chapter1/section4/item4.html"
}

@MISC{bib:dict-kanban,
	author = "{RANDOM HOUSE, INC.}",
    title = {Definition of Kanban}, 
    note = "[online; navštíveno 12.01.2020]",
    year = "2020",
    url = "https://www.dictionary.com/browse/kanban"
}

@BOOK{bib:just-in-time,
    author = {Cheng, T.C. and Podolsky, S.},
    title = {Just-in-Time Manufacturing: An introduction},
    publisher={Springer Netherlands},
    year = "1996",
    isbn={9780412735400},
    lccn={96084242},
}
%url = "https://books.google.cz/books/about/Just_in_Time_Manufacturing.html?id=WL95yzpj1TIC&redir_esc=y"

@MISC{bib:ngrx-lifecycle,
	author = "{NgRx Community}",
    title = {@ngrx/store}, 
    note = "[online; navštíveno 26.01.2020]",
    year = "2020",
    url = "https://ngrx.io/guide/store#diagram"
}

@MISC{bib:trello-about,
	author = "{Atlassian}",
    title = "{About}", 
    howpublished = "What is Trello?",
    note = "[online; navštíveno 26.01.2020]",
    year = "2020",
    url = "https://trello.com/about"
} 

@MISC{bib:jira-vs-trello,
	author = "{Atlassian}",
    title = "{Jira Software vs Trello Comparison}", 
    note = "[online; navštíveno 26.01.2020]",
    year = "2020",
    url = "https://www.atlassian.com/software/jira/comparison/jira-vs-trello"
} 

@article{bib:spa,
   author = {Madhuri A. Jadhav and Balkrishna R. Sawant and Anushree Deshmukh},
   title = {Single Page Application using AngularJS},
   journal = {International Journal of Computer Science and Information Technologies},
   volume = {6},
   number = {3},
   year = {2015},
   pages = {2876-2879},
   issn = {0975-9646}
}
% url = {http://citeseerx.ist.psu.edu/viewdoc/download?doi=10.1.1.736.4771&rep=rep1&type=pdf}

@InProceedings{bib:typescript,
    author="Bierman, Gavin
    and Abadi, Mart{\'i}n
    and Torgersen, Mads",
    editor="Jones, Richard",
    title="Understanding TypeScript",
    booktitle="ECOOP 2014 -- Object-Oriented Programming",
    year="2014",
    publisher="Springer Berlin Heidelberg",
    address="Berlin, Heidelberg",
    pages="257--281",
    isbn="978-3-662-44202-9"
}

@MISC{bib:angular-history,
	author = "{Dave Gavigan}",
    title = "{The History of Angular}", 
    note = "[online; navštíveno 10.02.2020]",
    year = "2020-04-03",
    url = "https://medium.com/the-startup-lab-blog/the-history-of-angular-3e36f7e828c7"
}

@MISC{bib:ngrx-docs,
	author = "{NgRx Community}",
    title = "{NgRx - What is NgRx?}", 
    note = "[online; navštíveno 11.02.2020]",
    year = "2020",
    url = "https://ngrx.io/docs"
}

@MISC{bib:asp-release,
	author = "Richard Lander",
    title = "Announcing .NET Core 1.0", 
    howpublished = ".NET Blog",
    note = "[online; navštíveno 12.02.2020]",
    year = "2016-06-27",
    url = "https://devblogs.microsoft.com/dotnet/announcing-net-core-1-0/"
} 

@MISC{bib:asp-what-is,
	author = "Microsoft",
    title = "What is ASP.NET?", 
    howpublished = ".NET",
    note = "[online; navštíveno 12.02.2020]",
    year = "2020",
    url = "https://dotnet.microsoft.com/learn/aspnet/what-is-aspnet"
} 

@article{bib:project-managment-history,
    author = {Seymour, Dr. Tom and Hussein, Sara},
    year = {2014},
    month = {09},
    pages = {233},
    title = {The History Of Project Management},
    volume = {18},
    journal = {International Journal of Management & Information Systems (IJMIS)},
    doi = {10.19030/ijmis.v18i4.8820}
}
% url = "https://www.researchgate.net/publication/298341808_The_History_Of_Project_Management"

@article{bib:agile-vs-traditional,
    author = {Azanha, Adrialdo and Argoud, Ana Rita and de Camargo Junior, João and Antoniolli, Pedro},
    year = {2017},
    month = {01},
    pages = {},
    title = {Agile project management with Scrum: A case study of a Brazilian pharmaceutical company IT project},
    volume = {10},
    journal = {International Journal of Managing Projects in Business},
    doi = {10.1108/IJMPB-06-2016-0054}
}
% url = "https://www.researchgate.net/publication/312536118_Agile_project_management_with_Scrum_A_case_study_of_a_Brazilian_pharmaceutical_company_IT_project"

@article{bib:agile-work,
    author = {Serrador, Pedro and Pinto, Jeffrey},
    year = {2015},
    month = {03},
    pages = {},
    title = {Does Agile work? — A quantitative analysis of agile project success},
    volume = {33},
    journal = {International Journal of Project Management},
    doi = {10.1016/j.ijproman.2015.01.006}
}
% url = "file:///home/furdys/Downloads/DoesAgileWorkIJPM.pdf"

@MISC{bib:agile-manifest,
	author = "Kent Beck and Mike Beedle and Arie van Bennekum and Alistair Cockburn",
    title = "Manifest Agilního vývoje software", 
    note = "[online; navštíveno 23.02.2020]",
    year = "2020",
    url = "http://agilemanifesto.org/iso/cs/manifesto.html"
} 

@article{bib:agile-mobile,
author = {Flora, Harleen and Wang, Xiaofeng and Chande, Swati},
year = {2014},
month = {05},
pages = {43-50},
title = {Adopting an Agile Approach for the Development of Mobile Applications},
volume = {94},
journal = {International Journal of Computer Applications},
doi = {10.5120/16454-6199}
}
% url = "https://www.researchgate.net/publication/266742377_Adopting_an_Agile_Approach_for_the_Development_of_Mobile_Applications"