@MISC{bib:seacomp-portfolio,
	author = "{SEACOMP s.r.o.}",
    title = {Portfolio}, 
    note = "[online; navštíveno 05.12.2019]",
    year = "2019",
    url = "https://seacomp.cz"
}

@MastersThesis{bib:tersl,
    AUTHOR = "Adam Teršl",
    TITLE = {Webový klient pro nemocniční systém},
    YEAR = "2019",
    TYPE = "Diplomová práce",
    SCHOOL = "Masarykova univerzita, Fakulta informatiky, Brno",
    SUPERVISOR = "Radek Ošlejšek",
    URL = "https://is.muni.cz/th/ggxzm/",
    note = "[online; navštíveno 05.12.2019]",
}
%todo sjednotit cit. a navštíveno

@MISC{bib:toyota-history,
	author = "{TOYOTA MOTOR CORPORATION}",
    title = {Item 4. Development and Deployment of the Toyota Production System}, 
    howpublished = "75 Years of TOYOTA",
    note = "[online; navštíveno 11.01.2020]",
    year = "2012",
    url = "https://www.toyota-global.com/company/history_of_toyota/75years/text/entering_the_automotive_business/chapter1/section4/item4.html"
}

@MISC{bib:dict-kanban,
	author = "{RANDOM HOUSE, INC.}",
    title = {Definition of Kanban}, 
    note = "[online; navštíveno 12.01.2020]",
    year = "2020",
    url = "https://www.dictionary.com/browse/kanban"
}

@BOOK{bib:just-in-time,
    author = {Cheng, T.C. and Podolsky, S.},
    title = {Just-in-Time Manufacturing: An introduction},
    publisher={Springer Netherlands},
    year = "1996",
    isbn={9780412735400},
    lccn={96084242},
}
%url = "https://books.google.cz/books/about/Just_in_Time_Manufacturing.html?id=WL95yzpj1TIC&redir_esc=y"

@MISC{bib:ngrx-lifecycle,
	author = "{NgRx Community}",
    title = {@ngrx/store}, 
    note = "[online; navštíveno 26.01.2020]",
    year = "2020",
    url = "https://ngrx.io/guide/store#diagram"
}

@MISC{bib:trello-about,
	author = "{Atlassian}",
    title = "{About}", 
    howpublished = "What is Trello?",
    note = "[online; navštíveno 26.01.2020]",
    year = "2020",
    url = "https://trello.com/about"
} 

@MISC{bib:jira-vs-trello,
	author = "{Atlassian}",
    title = "{Jira Software vs Trello Comparison}", 
    note = "[online; navštíveno 26.01.2020]",
    year = "2020",
    url = "https://www.atlassian.com/software/jira/comparison/jira-vs-trello"
} 

@article{bib:spa,
   author = {Madhuri A. Jadhav and Balkrishna R. Sawant and Anushree Deshmukh},
   title = {Single Page Application using AngularJS},
   journal = {International Journal of Computer Science and Information Technologies},
   volume = {6},
   number = {3},
   year = {2015},
   pages = {2876-2879},
   issn = {0975-9646}
}
% url = {http://citeseerx.ist.psu.edu/viewdoc/download?doi=10.1.1.736.4771&rep=rep1&type=pdf}

@InProceedings{bib:typescript,
    author="Bierman, Gavin
    and Abadi, Mart{\'i}n
    and Torgersen, Mads",
    editor="Jones, Richard",
    title="Understanding TypeScript",
    booktitle="ECOOP 2014 -- Object-Oriented Programming",
    year="2014",
    publisher="Springer Berlin Heidelberg",
    address="Berlin, Heidelberg",
    pages="257--281",
    isbn="978-3-662-44202-9"
}

@MISC{bib:angular-history,
	author = "{Dave Gavigan}",
    title = "{The History of Angular}", 
    note = "[online; navštíveno 10.02.2020]",
    year = "2020-04-03",
    url = "https://medium.com/the-startup-lab-blog/the-history-of-angular-3e36f7e828c7"
}

@MISC{bib:ngrx-docs,
	author = "{NgRx Community}",
    title = "{NgRx - What is NgRx?}", 
    note = "[online; navštíveno 11.02.2020]",
    year = "2020",
    url = "https://ngrx.io/docs"
}

@MISC{bib:asp-release,
	author = "Richard Lander",
    title = "Announcing .NET Core 1.0", 
    howpublished = ".NET Blog",
    note = "[online; navštíveno 12.02.2020]",
    year = "2016-06-27",
    url = "https://devblogs.microsoft.com/dotnet/announcing-net-core-1-0/"
} 

@MISC{bib:asp-what-is,
	author = "Microsoft",
    title = "What is ASP.NET?", 
    howpublished = ".NET",
    note = "[online; navštíveno 12.02.2020]",
    year = "2020",
    url = "https://dotnet.microsoft.com/learn/aspnet/what-is-aspnet"
} 

@article{bib:project-managment-history,
    author = {Seymour, Dr. Tom and Hussein, Sara},
    year = {2014},
    month = {09},
    pages = {233},
    title = {The History Of Project Management},
    volume = {18},
    journal = {International Journal of Management & Information Systems (IJMIS)},
    doi = {10.19030/ijmis.v18i4.8820}
}
% url = "https://www.researchgate.net/publication/298341808_The_History_Of_Project_Management"

@article{bib:agile-vs-traditional,
    author = {Azanha, Adrialdo and Argoud, Ana Rita and de Camargo Junior, João and Antoniolli, Pedro},
    year = {2017},
    month = {01},
    pages = {},
    title = {Agile project management with Scrum: A case study of a Brazilian pharmaceutical company IT project},
    volume = {10},
    journal = {International Journal of Managing Projects in Business},
    doi = {10.1108/IJMPB-06-2016-0054}
}
% url = "https://www.researchgate.net/publication/312536118_Agile_project_management_with_Scrum_A_case_study_of_a_Brazilian_pharmaceutical_company_IT_project"

@article{bib:agile-work,
    author = {Serrador, Pedro and Pinto, Jeffrey},
    year = {2015},
    month = {03},
    pages = {},
    title = {Does Agile work? — A quantitative analysis of agile project success},
    volume = {33},
    journal = {International Journal of Project Management},
    doi = {10.1016/j.ijproman.2015.01.006}
}
% url = "https://www.researchgate.net/publication/273792177_Does_Agile_work_-_A_quantitative_analysis_of_agile_project_success"

@MISC{bib:agile-manifest,
	author = "Kent Beck and Mike Beedle and Arie van Bennekum and Alistair Cockburn",
    title = "Manifest Agilního vývoje software", 
    note = "[online; navštíveno 23.02.2020]",
    year = "2020",
    url = "http://agilemanifesto.org/iso/cs/manifesto.html"
} 

@article{bib:agile-mobile,
author = {Flora, Harleen and Wang, Xiaofeng and Chande, Swati},
year = {2014},
month = {05},
pages = {43-50},
title = {Adopting an Agile Approach for the Development of Mobile Applications},
volume = {94},
journal = {International Journal of Computer Applications},
doi = {10.5120/16454-6199}
}
% url = "https://www.researchgate.net/publication/266742377_Adopting_an_Agile_Approach_for_the_Development_of_Mobile_Applications"

@MISC{bib:kanboard,
	author = "Frédéric Guillot",
    title = "Kanban Project Managment Software - Kanboard", 
    note = "[online; navštíveno 19.03.2020]",
    year = "2020",
    url = "https://kanboard.org/"
} 

@MISC{bib:kanboard-github,
	author = "GitHub, Inc.",
    title = "kanboard/kanboard: Kanban project managment software", 
    howpublished = "GitHub",
    note = "[online; navštíveno 19.03.2020]",
    year = "2020",
    url = "https://github.com/kanboard/kanboard"
} 

@article{bib:agile-vs-traditional-what,
    author = {Salameh, Hanadi},
    year = {2014},
    month = {10},
    pages = {},
    title = {What, When, Why, and How? A Comparison between Agile Project Management and Traditional Project Management Methods},
    volume = {Vol.2,},
    journal = {International Journal of Management Reviews}
}
% url = "http://www.academia.edu/download/46679893/What-When-Why-and-How-A-Comparison-between-Agile-Project-Management-and-Traditional-Project-Management-Methods.pdf"

@INPROCEEDINGS{bib:agile-history,
    author={L. {Jiang} and A. {Eberlein}},
    booktitle={2009 IEEE International Conference on Systems, Man and Cybernetics},
    title={An analysis of the history of classical software development and agile development},
    year={2009},
    volume={},
    number={},
    pages={3733-3738},
    keywords={history;software engineering;classical software development history;agile development;software engineering methodologies;SE community;software process;History;Programming;Software engineering;Computer science;Agile manufacturing;Cybernetics;USA Councils;Reflection;Books;Documentation;software engineering;software process;traditional software engineering;agile development;historical analysis},
    doi={10.1109/ICSMC.2009.5346888},
    ISSN={1062-922X},
    month={Oct},}
% url = "https://ieeexplore.ieee.org/document/5346888"

@article{bib:agile-impact,
author = {Kumar, Gaurav and Bhatia, Pradeep},
year = {2012},
month = {08},
pages = {2249-6343},
title = {Impact of Agile Methodology on Software Development Process},
volume = {2},
journal = {International Journal of Computer Technology and Electronics Engineering (IJCTEE)}
}
% url = "https://www.academia.edu/download/52486932/IJCTEE-Impact_of_Agile_Methodology_on_Software_Development_Process.pdf"

@BOOK{bib:kanban-and-scrum,
    author = {Henrik Kniberg and Mattias Skarin},
    title = {Kanban and Scrum - Making the Most of Both},
    publisher={C4Media Inc.},
    year = "2010",
    isbn={978-0-557-13832-6},
}
% url = "https://books.google.cz/books?id=Hx1KAgAAQBAJ&printsec=frontcover&dq=Kanban+and+Scrum+-+Making+the+Most+of+Both&hl=cs&sa=X&ved=0ahUKEwjSxIXD0K7oAhUhIcUKHXZbC34Q6AEIKjAA#v=onepage&q=Kanban and Scrum - Making the Most of Both&f=false"

@MISC{bib:kanban-atlassian,
	author = "Atlassian",
    title = "The Agile Coach", 
    note = "[online; navštíveno 22.03.2020]",
    year = "2020",
    url = "https://www.atlassian.com/agile/kanban/boards"
} 

@MISC{bib:kanban-101,
	author = "Rachaelle Lynn",
    title = "Kanban 101: Learn the Basics", 
    note = "[online; navštíveno 26.03.2020]",
    year = "2020",
    url = "https://www.planview.com/resources/articles/kanban-101/"
} 

 